888 1323
438 96 461 113 54

132 140 158 161 ,Φ
173 140 228 156 formis
239 140 255 156 in
268 140 386 157 desuetudinem
399 140 457 157 abiisse
468 140 548 161 videatur,
564 140 665 162 alphabetum
677 140 753 161 Atticum,

139 170 222 191 postquam
242 174 270 190 per
287 169 345 185 multos
362 169 420 190 gradus
437 169 526 190 multasque
540 169 635 186 mutationes
650 169 753 190 percucurrit,

140 203 181 214 anno
194 197 218 214 01.
227 198 253 218 83,
267 198 277 214 3
289 198 352 214 tandem
365 198 385 214 ad
397 203 431 214 eam
444 197 541 218 singularum
553 198 639 214 formarum
651 198 753 214 stabilitatem

139 227 216 248 pervenit,
228 226 270 243 unde
281 232 328 243 verse
340 228 356 243 et
367 232 452 248 germanae
463 227 559 243 mutationes
568 227 601 248 jum
614 232 645 243 non
653 227 704 243 saetae
712 228 753 243 suut.

184 256 259 272 Attamen
274 255 320 276 hujus
335 256 391 272 aetatis
405 256 446 272 duae
460 260 485 272 res
499 257 536 272 sunt
542 256 633 277 ,propriam
647 255 704 277 quibus
719 260 755 277 per-

140 284 214 306 spicitur,
231 289 262 300 non
278 285 349 305 potuisse
366 289 429 301 servare
447 284 548 306 alphabetum
565 284 635 301 Atticum
653 284 694 301 hane
710 289 754 300 suam

140 313 189 335 ipsius
202 313 275 334 speeiem.
293 313 364 335 Primum
376 314 418 330 euim
428 313 457 329 hae
465 315 517 329 aetate
525 313 590 334 spiritus
599 313 651 334 asperi
659 318 697 330 usus
705 314 755 334 magis

140 342 221 363 magisque
233 342 370 363 corrumpebatur,
386 342 442 359 deinde
454 342 502 358 Iouici
515 342 594 363 alphabeti
607 342 683 363 quaedam
695 342 755 359 formae

140 371 217 392 paulatim
229 371 252 387 ita
263 371 392 392 inerehrusrunt,
406 372 423 387 ut
435 372 514 392 postremo
526 370 631 387 Athenienses
643 376 689 387 suum
701 370 755 392 alpha-

141 400 194 417 betum
206 404 242 416 cum
254 399 307 416 ionico
319 399 366 421 plane
377 401 439 416 mutare
450 401 548 420 cogerentur.

329 452 343 467 1.
365 450 391 467 De
406 451 479 472 spiritu
494 455 569 472 aspero.

186 484 255 507 Spiritus
270 486 322 507 asperi
337 487 374 502 ns'us
386 486 415 502 hae
427 486 469 502 omni
482 487 532 503 aetate
544 486 583 502 adeo
595 486 686 502 inconstans
696 486 727 503 fuit
739 491 757 503 ae

142 519 233 536 perversus,
245 516 263 531 ut
274 514 290 532 Η
302 516 340 531 nota
352 515 444 536 saepissime
456 516 483 531 aut
494 515 516 531 ibi
528 515 587 531 omissa
598 515 624 535 sit,
636 514 662 531 ubi
675 515 757 531 scribenda

142 545 184 564 erat,
199 545 227 560 aut
240 544 339 565 praescripta
353 546 444 565 compareat
458 544 534 565 ejusmodi
548 543 621 564 vocibus,
640 549 680 564 quae
691 549 709 560 re
721 549 757 560 vera

142 572 199 594 spiritu
218 577 274 594 aspero
291 574 350 589 carent.
372 573 406 592 Qua
423 578 440 589 re
455 574 522 594 apparet
535 573 577 589 hune
592 578 648 590 sonum
663 572 757 594 procedente

127 602 129 604 ’
142 602 213 622 tempore
225 601 275 622 magis
287 601 369 622 magisque
380 601 468 622 neglectum
480 607 523 622 esse,
538 602 561 618 itu
572 603 590 618 ut
602 603 681 623 postremo
693 601 757 618 omnino
787 599 789 601 ’

142 635 174 646 non
186 630 275 651 audiretur,
287 635 338 651 neque
350 631 434 652 quisquam
446 631 462 647 iu
475 630 540 647 dicendo
552 630 630 647 rationem
642 630 676 651 ejus
688 630 757 647 haberet.

143 658 182 675 Cum
198 661 249 675 autem
265 659 300 681 ipsu
315 664 353 676 sono
367 660 445 676 exstincto
459 659 561 676 nihilomiuus
576 658 592 676 Η
604 661 642 676 nuta
653 659 670 675 in
681 664 711 676 usu
722 664 758 681 per-

143 689 219 709 maneret,
231 693 328 709 consequens
340 688 375 709 fuit,
387 690 405 705 ut
416 689 523 710 unusquisque
534 688 603 710 lapicida
611 693 645 705 eam
653 688 676 705 ibi
684 688 758 709 adiceret,

143 717 169 733 uhi
181 717 255 738 spiritum
267 719 314 734 auten
325 717 444 738 pronuntiatum
456 717 505 734 fuisse
517 717 626 734 arbitraretur.

188 745 218 762 Sed
231 747 248 762 ut
260 751 291 762 non
302 746 353 762 solum
361 746 396 768 ipse
404 746 429 762 hie
437 751 475 763 usus
483 751 572 768 perversus,
584 751 629 767 quem
638 746 704 767 spiritus
712 751 758 767 asper

143 776 179 796 post
191 775 259 791 medium
272 775 344 796 quintum
357 780 397 791 saee.
406 775 484 796 praebuit,
496 780 550 792 verum
559 775 606 793 etiam
614 780 662 791 eausa
670 775 703 795 ejus
711 779 758 796 quam

144 804 231 820 clarissime
246 804 359 825 perspiciatur,
374 806 428 825 aptum
444 804 514 825 videtur,
528 809 564 820 eum
577 809 622 825 quem
635 804 700 825 spiritus
713 808 759 825 asper

144 833 181 849 iude
195 838 205 849 a
219 833 331 849 vetustissimis
343 833 440 854 temporibus
452 832 525 849 habuerit
536 838 581 849 usum
594 833 662 849 breviter
674 832 758 854 explicaro.

144 862 168 878 Ao
185 863 227 878 certe
246 862 308 883 quidem
326 862 351 878 hic
366 867 413 878 sonus
428 862 469 883 apud
484 862 588 878 Athenienses
603 861 627 882 (ut
642 861 684 883 apud
698 863 759 878 ceteros

145 890 219 910 Graecos)
233 891 276 907 nullo
291 893 362 912 tempore
376 892 408 907 tam
423 896 479 912 aspere
495 895 513 907 ao
527 891 607 912 pinguiter
622 890 758 912 pronuntiabatur,

145 925 192 941 quam
206 924 235 936 nos
249 920 265 936 in
280 922 333 936 nostro
349 925 421 936 sermone
436 920 539 941 pronuntiare
553 924 588 936 eum
600 919 717 938 mnsuevimum
732 919 758 935 sed

145 949 193 965 etiam
201 950 240 969 tum,
253 953 287 965 cum
296 948 364 969 floreret,
373 948 457 965 admodum
465 948 522 965 leniter
530 949 592 965 videtur
600 948 676 965 sonuisse.
696 948 758 965 Etenim

143 978 177 998 jam
188 977 300 993 vetustissimis
308 977 405 998 temporibus
414 982 531 998 nonnumquam
540 978 568 993 aut
575 977 677 993 omittebatur
685 976 701 994 Η
709 977 760 993 forma

146 1008 174 1023 aut
188 1011 242 1022 errore
254 1006 376 1022 adseribebatur.
397 1006 449 1027 Atque
461 1006 490 1022 hoe
502 1006 564 1027 quidem
576 1006 627 1023 elucet
638 1011 647 1022 e
658 1007 759 1022 monumento

147 1035 226 1056 Sigeensi,
242 1035 269 1051 ubi
282 1036 364 1056 comparet
377 1035 456 1057 scriptura
471 1037 554 1055 Λϊάωηοςς
569 1034 608 1051 illud
623 1034 699 1056 probatur
714 1034 759 1051 titulo

146 1064 163 1081 C.
175 1064 187 1080 1.
195 1064 215 1080 A.
226 1069 242 1080 n.
254 1063 296 1084 351⁷
311 1064 337 1084 qui
352 1064 368 1080 in
384 1069 421 1080 voce
432 1063 502 1085 Ἐόρτιος
517 1063 533 1080 Η
549 1064 616 1080 formam
630 1063 759 1085 praetermissam

146 1093 198 1109 habet.
221 1092 309 1113 Utrumque
325 1092 388 1109 titulum
405 1094 450 1109 sextu
467 1092 529 1109 saeculo
544 1092 648 1113 compositum
663 1097 698 1109 esse
712 1097 760 1113 snpra

147 1122 219 1138 vidimus
240 1121 301 1138 Deinde
316 1121 331 1137 in
347 1121 440 1143 populiscitu
455 1121 482 1138 illo
498 1121 536 1138 satis
551 1122 620 1138 vetusto:
635 1120 652 1137 C.
664 1121 675 1137 Ι.
687 1121 705 1137 Α.
718 1126 733 1137 ιι.
744 1121 759 1141 5,

147 1151 188 1172 quod
202 1155 231 1171 ego
245 1150 307 1171 quidem
323 1155 346 1167 ca..
355 1150 379 1167 01.
388 1151 409 1167 '16
423 1152 506 1167 exaratum
520 1155 554 1167 esse
567 1155 631 1170 censeo,
647 1149 724 1171 seriptum
736 1151 761 1166 est
