888 1323
412 88 433 105 25

113 133 176 149 tustntis
190 133 266 150 indicium
282 135 310 150 est⁴
336 133 366 149 Sed
381 133 454 149 omnibns
469 133 493 149 his
508 132 555 149 rebus
570 132 608 148 certi
623 131 662 148 nihil
677 133 729 153 potest

113 162 194 183 indagari,
208 167 244 179 cum
260 167 287 178 eae
302 162 346 183 ipsae
361 162 431 182 litterae,
446 167 485 183 quae
500 161 542 178 solae
557 161 608 178 faeere
619 162 685 182 possent
696 166 729 177 mo·
742 169 744 171 -

113 194 191 212 mentum,
209 191 220 207 i.
235 196 248 207 e.
263 193 277 208 θ
293 191 346 208 littera
363 193 379 207 et
394 191 459 212 spiritus
474 195 520 212 asper
534 190 599 206 fortuito
615 190 730 206 desiderentur:

113 219 182 236 Maxime
196 220 269 241 spiritum
284 225 316 236 non
330 220 397 241 reperiri
412 219 490 236 dolemus:
505 224 541 236 nam
558 219 570 235 si
586 219 611 235 hic
625 220 729 240 compareret,

113 251 160 270 amne
175 249 240 270 antiqua
254 250 272 268 Ε
285 249 336 265 forma
350 250 428 269 uteretur,
447 248 515 265 dubitari
529 253 560 264 non
576 249 637 270 posset,
652 248 689 269 quin
704 248 730 264 hic

113 278 169 294 titulus
181 278 200 294 ad
213 278 358 299 antiquissimorum
371 283 455 294 numerum
468 279 509 294 esset
520 277 617 294 referendus.

158 307 180 323 At
194 307 217 323 its
231 312 301 328 quoqne,
317 308 334 323 ut
348 311 373 323 res
386 312 402 323 se
414 306 469 327 habet,
485 306 499 323 si
510 306 664 328 comprehenduntur
676 306 730 322 emnia

114 341 154 357 quae
170 336 190 352 de
207 336 237 352 hac
253 341 270 352 re
286 336 364 356 diximus,
382 335 434 357 eliqua
452 340 486 352 sum
503 335 640 351 verisimilitudine
655 335 729 351 contendi

115 366 167 386 potest
180 364 237 386 Koppa
254 364 316 381 litterae
334 365 412 385 integrum
427 366 475 385 atque
488 364 597 385 incorruptum
612 369 657 380 usum
672 363 688 380 in
700 363 730 380 hoc

114 393 160 410 titulo
172 399 268 415 comparere.
280 393 357 410 'Primum
369 393 411 410 enim
423 393 478 410 titulus
490 392 550 409 nullum
563 392 627 409 exhibet
638 393 729 409 recentioris

115 423 171 439 astatis
185 422 270 442 indicium,
285 423 312 439 sed
324 428 359 439 cum
372 419 459 443 scripturae
471 422 520 443 ratio,
535 427 576 443 quse
588 423 612 438 est
623 420 729 443 bustrophffl,

115 453 147 468 tum
162 456 217 468 omnes
229 451 299 472 litterae,
315 456 355 473 qnae
370 451 435 472 adsunt,
450 451 539 467 remotioris
551 450 649 472 antiquitatis
661 451 729 472 speciem

115 485 153 502 prae
167 486 184 497 se
198 480 255 497 ferunt.
276 480 337 497 Deinde
349 480 451 502 repetendum
464 481 488 496 est
499 480 515 496 in
527 479 597 501 lapidum
610 479 660 496 titulis
672 479 730 501 ubique

115 511 165 526 certas
180 509 259 526 scribendi
273 509 316 530 leges
331 509 399 531 perspici
411 514 465 530 posse,
482 514 521 530 ques
533 509 549 525 in
561 509 590 525 hoc
602 508 648 525 titulo
660 510 730 530 praeter-

115 539 172 555 missas
189 543 224 555 esse
241 536 260 554 eii
274 543 347 554 vasorum
362 538 492 559 inscriptionibus
506 537 578 554 concludi
593 537 656 554 omnino
671 538 729 558 nequit.

116 567 187 588 Denique
199 567 261 584 etiamsi
274 567 290 583 in
303 567 332 583 hoc
344 567 389 583 titulo
401 567 484 583 incidendo
496 572 505 583 a
517 568 591 583 consueto
603 571 632 582 usu
644 566 730 583 discessum

116 598 165 617 esset,
180 596 232 618 ipsum
247 596 284 612 illnd
300 596 357 612 mirum
373 596 461 616 videretur,
476 596 517 617 quod
529 597 562 612 tam
574 597 664 612 constanter
676 597 730 612 centra

116 630 161 642 nsum
173 625 249 642 traditum
261 625 318 646 Koppa
330 626 429 646 usui-putum,
441 629 469 641 nec
482 624 533 646 potius
545 624 594 641 semel
605 625 670 641 fortuito
682 625 729 641 etiarn

116 654 172 676 Kappo
182 654 273 671 immixtum
285 655 331 671 esset.
349 653 408 673 Quibus
420 654 439 670 de
451 653 503 670 causis
515 658 543 675 pro
555 655 597 670 certo
609 653 698 670 habendum
707 655 731 670 est

116 684 132 699 in
144 683 173 699 hoc
184 683 230 700 titulo
242 688 273 699 non
286 688 314 704 per
326 683 405 699 licentiam
418 683 445 699 sed
458 684 523 704 propter
534 684 632 699 constantem
642 687 661 699 ac
668 682 730 699 firmam

116 712 244 729 consuetudinem
257 712 313 733 Koppe
327 712 396 728 litteram
412 713 474 728 exstare
489 713 504 728 et
518 712 587 728 maxime
602 713 667 733 propter
678 711 730 733 ipsum

116 741 172 763 Koppe
184 741 225 757 hunc
237 741 299 763 titulum
312 741 331 757 sd
343 746 420 757 summam
430 741 528 757 referendum
537 746 571 757 esse
579 742 678 757 vetustatem.
697 740 730 760 Quo

117 772 168 787 nutem
177 770 253 791 temporis
261 770 312 791 spatio
320 770 417 791 compositus
427 770 453 790 sit,
465 770 559 791 quandoque
567 770 624 791 Koppe
632 769 673 791 apud
682 769 731 786 Athe-

116 799 184 816 nienses-
193 799 209 815 in
224 804 253 815 usu
267 799 326 815 versari
342 799 414 820 desierit,
429 804 460 815 non
475 799 533 820 poterit
547 798 623 819 discerni,
638 798 730 820 priusquam
759 805 761 808 ⁴

117 828 164 845 etiam
176 828 203 844 nlii
215 828 257 844 tituli
269 829 297 844 aut
308 828 360 849 ipsum
368 828 425 849 Koppn
437 828 533 849 exhibentes,
546 829 573 844 aut
584 827 635 844 locum
644 827 731 848 usurpandi

117 857 200 874 offerentes
212 857 271 878 reperti
283 858 334 873 erunt.

162 886 221 907 Aptum
238 885 299 902 videtur
314 886 339 902 his
353 885 400 902 rebus
413 886 493 906 indagatis
504 886 558 902 statim
570 885 633 902 tertium
645 890 681 902 eum
694 885 731 901 titu-

117 915 150 931 lum
162 915 267 935 considerare,
279 915 295 931 in
307 920 343 936 quo,
356 916 374 931 ut
385 920 433 936 supra
445 914 567 935 memorabatur,
579 914 636 936 Koppa
644 914 731 935 usurpandi

117 943 184 960 facultas
199 945 233 960 erat
247 944 289 960 data.
313 943 394 960 Invenitur
405 943 422 960 C.
432 943 442 960 Ι.
452 944 471 960 A.
484 949 498 960 n.
507 944 545 960 472.
569 943 635 960 Prorsus
647 943 731 964 singularis

118 974 142 989 est
155 973 201 993 hujus
216 972 257 989 tituli
272 972 358 994 scriptura,
373 977 413 993 qnae
427 974 452 988 est
463 972 589 989 mendosissime.
611 972 677 993 Legitur
689 972 730 989 enim

118 1001 152 1018 sine
163 1001 196 1018 ulla
207 1001 311 1018 dubitatione:

305 1029 354 1052 Σῆμα
366 1030 402 1047 τάδε
414 1030 471 1047 Κύλων
482 1030 538 1047 παιδω

304 1060 384 1080 ἒπέθηκεν
396 1061 465 1076 θανοιω
476 1065 530 1080 [mmm

305 1089 413 1110 φιλημωτύνης
422 1100 425 1104 .
435 1100 438 1104 .
448 1100 452 1105 .

162 1117 205 1136 Quae
217 1117 275 1133 menda
286 1117 306 1133 eb
318 1117 353 1138 ipso
365 1117 443 1138 scalptore
455 1122 473 1133 ac
485 1122 516 1133 non
528 1117 548 1134 ab
559 1117 584 1138 iis,
597 1117 623 1138 qui
632 1117 695 1133 titulum
704 1122 731 1133 ex-

119 1146 224 1167 scripserunt,
238 1146 280 1163 iacta
294 1151 336 1167 esse,
351 1146 389 1162 satis
404 1146 487 1167 probatur,
502 1151 537 1162 cum
550 1151 580 1162 non
592 1146 643 1162 solum
655 1146 731 1166 omnium,

544 1224 549 1232 κ
